<collection xmlns="http://www.loc.gov/MARC21/slim">
<record>
  <leader>02759nam0a2200457 i 450 </leader>
  <controlfield tag="001">IT\ICCU\CNCE\001598</controlfield>
  <controlfield tag="005">20070824000000.0</controlfield>
  <datafield tag="012" ind1=" " ind2=" ">
    <subfield code="a">u*ea s.us t.ge enpr (3) 1539 (R)</subfield>
    <subfield code="2">fei</subfield>
  </datafield>
  <datafield tag="100" ind1=" " ind2=" ">
    <subfield code="a">19970101d1539        0itac0103    ba</subfield>
  </datafield>
  <datafield tag="101" ind1=" " ind2=" ">
    <subfield code="a">LAT</subfield>
  </datafield>
  <datafield tag="102" ind1=" " ind2=" ">
    <subfield code="a">IT</subfield>
  </datafield>
  <datafield tag="200" ind1="1" ind2=" ">
    <subfield code="a">℗Ammonii Hermae ℗Commentaria in Quinque voces Porphyrii cum Graeco exemplari recens collata. Locis pluribus restitutis, ac resectis omnibus iis, quae superflua in aliis latinis codicibus legebantur. Quibus inseruimus textum ipsius Porphyrii, ad ueram lectionem Graecam nuper recognitum</subfield>
  </datafield>
  <datafield tag="210" ind1=" " ind2=" ">
    <subfield code="a">Venetiis</subfield>
    <subfield code="c">\Ottaviano Scoto il giovane!</subfield>
    <subfield code="d">1539</subfield>
    <subfield code="e">Venetijs</subfield>
    <subfield code="g">apud Octauianum Scotum</subfield>
  </datafield>
  <datafield tag="215" ind1=" " ind2=" ">
    <subfield code="a">20 c.</subfield>
    <subfield code="c">ill.</subfield>
    <subfield code="d">fol</subfield>
  </datafield>
  <datafield tag="620" ind1=" " ind2=" ">
    <subfield code="a">IT</subfield>
    <subfield code="d">Venezia</subfield>
  </datafield>
  <datafield tag="700" ind1=" " ind2="0">
    <subfield code="a">Ammonius</subfield>
    <subfield code="c"> : Hermiae</subfield>
    <subfield code="3">IT\ICCU\CNCA\000676</subfield>
  </datafield>
  <datafield tag="702" ind1=" " ind2="0">
    <subfield code="a">Porphyrius</subfield>
    <subfield code="3">IT\ICCU\CNCA\000166</subfield>
  </datafield>
  <datafield tag="712" ind1="0" ind2="0">
    <subfield code="a">Scoto, Ottaviano</subfield>
    <subfield code="c"> &lt;2.&gt;</subfield>
    <subfield code="3">IT\ICCU\CNCT\000258</subfield>
    <subfield code="4">650</subfield>
  </datafield>
  <datafield tag="790" ind1=" " ind2="0">
    <subfield code="a">Ammonio</subfield>
    <subfield code="c"> : di#Alessandria</subfield>
    <subfield code="3">IT\ICCU\CNCA\026308</subfield>
    <subfield code="z">Ammonius : Hermiae</subfield>
  </datafield>
  <datafield tag="790" ind1=" " ind2="0">
    <subfield code="a">Porfirio</subfield>
    <subfield code="c"> : di#Tiro</subfield>
    <subfield code="3">IT\ICCU\CNCA\014929</subfield>
    <subfield code="z">Porphyrius</subfield>
  </datafield>
  <datafield tag="790" ind1=" " ind2="0">
    <subfield code="a">Porphyrius</subfield>
    <subfield code="c"> : Tyrius</subfield>
    <subfield code="3">IT\ICCU\CNCA\018848</subfield>
    <subfield code="z">Porphyrius</subfield>
  </datafield>
  <datafield tag="790" ind1=" " ind2="0">
    <subfield code="a">Porphyrios</subfield>
    <subfield code="3">IT\ICCU\CNCA\022676</subfield>
    <subfield code="z">Porphyrius</subfield>
  </datafield>
  <datafield tag="791" ind1="0" ind2="0">
    <subfield code="a">Scoto, Ottaviano Amadei</subfield>
    <subfield code="3">IT\ICCU\CNCT\002829</subfield>
    <subfield code="z">Scoto, Ottaviano &lt;2.&gt;</subfield>
  </datafield>
  <datafield tag="791" ind1="0" ind2="0">
    <subfield code="a">Scotus, Octavianus Amadei</subfield>
    <subfield code="3">IT\ICCU\CNCT\005638</subfield>
    <subfield code="z">Scoto, Ottaviano &lt;2.&gt;</subfield>
  </datafield>
  <datafield tag="791" ind1="0" ind2="0">
    <subfield code="a">Scotti, Ottaviano</subfield>
    <subfield code="c"> &lt;2.&gt;</subfield>
    <subfield code="3">IT\ICCU\CNCT\005639</subfield>
    <subfield code="z">Scoto, Ottaviano &lt;2.&gt;</subfield>
  </datafield>
  <datafield tag="801" ind1=" " ind2="3">
    <subfield code="a">IT</subfield>
    <subfield code="b">ICCU</subfield>
    <subfield code="c">20201113</subfield>
  </datafield>
  <datafield tag="899" ind1=" " ind2=" ">
    <subfield code="a">Biblioteca provinciale Salvatore Tommasi. Bazzano</subfield>
    <subfield code="1">AQ0047</subfield>
    <subfield code="2">ABR PR</subfield>
  </datafield>
  <datafield tag="899" ind1=" " ind2=" ">
    <subfield code="a">Biblioteca comunale Eustachio Rogadeo. Bitonto</subfield>
    <subfield code="1">BA0078</subfield>
    <subfield code="2">BA1 13</subfield>
  </datafield>
  <datafield tag="899" ind1=" " ind2=" ">
    <subfield code="a">Biblioteca comunale Aurelio Saffi. Forl</subfield>
    <subfield code="1">FC0018</subfield>
    <subfield code="2">RAV FO</subfield>
  </datafield>
  <datafield tag="899" ind1=" " ind2=" ">
    <subfield code="a">Biblioteca comunale Ariostea. Ferrara</subfield>
    <subfield code="1">FE0017</subfield>
    <subfield code="2">UFE AR</subfield>
  </datafield>
  <datafield tag="899" ind1=" " ind2=" ">
    <subfield code="a">Biblioteca Medicea Laurenziana. Firenze</subfield>
    <subfield code="1">FI0100</subfield>
    <subfield code="2">CFI ML</subfield>
  </datafield>
  <datafield tag="899" ind1=" " ind2=" ">
    <subfield code="a">Biblioteca provinciale dei frati minori cappuccini Madonna di Pompei. Messina</subfield>
    <subfield code="1">ME0179</subfield>
    <subfield code="2">MES FC</subfield>
  </datafield>
  <datafield tag="899" ind1=" " ind2=" ">
    <subfield code="a">Biblioteca nazionale Vittorio Emanuele III. Napoli</subfield>
    <subfield code="1">NA0079</subfield>
    <subfield code="2">NAP BN</subfield>
  </datafield>
  <datafield tag="899" ind1=" " ind2=" ">
    <subfield code="a">Biblioteca della Facolt ̉Teologica di Sicilia Mons. Cataldo Naro. Palermo</subfield>
    <subfield code="1">PA0257</subfield>
    <subfield code="2">ZPA 03</subfield>
  </datafield>
  <datafield tag="899" ind1=" " ind2=" ">
    <subfield code="a">Biblioteca  Panizzi. Reggio Emilia</subfield>
    <subfield code="1">RE0052</subfield>
    <subfield code="2">RE2 PA</subfield>
  </datafield>
  <datafield tag="899" ind1=" " ind2=" ">
    <subfield code="a">Biblioteca nazionale centrale. Roma</subfield>
    <subfield code="1">RM0267</subfield>
    <subfield code="2">BVE CR</subfield>
  </datafield>
  <datafield tag="899" ind1=" " ind2=" ">
    <subfield code="a">Biblioteca universitaria Alessandrina. Roma</subfield>
    <subfield code="1">RM0280</subfield>
    <subfield code="2">RML 01</subfield>
  </datafield>
  <datafield tag="899" ind1=" " ind2=" ">
    <subfield code="a">Biblioteca Angelica. Roma</subfield>
    <subfield code="1">RM0290</subfield>
    <subfield code="2">RML 06</subfield>
  </datafield>
  <datafield tag="899" ind1=" " ind2=" ">
    <subfield code="a">Biblioteca dell&apos;Opera pia del collegio Nazareno. Roma</subfield>
    <subfield code="1">RM0654</subfield>
    <subfield code="2">RMS M4</subfield>
  </datafield>
  <datafield tag="911" ind1=" " ind2=" ">
    <subfield code="a">Sul front.</subfield>
    <subfield code="9">IT\ICCU\CNCM\000128</subfield>
  </datafield>
  <datafield tag="921" ind1=" " ind2=" ">
    <subfield code="a">IT\ICCU\CNCM\000128</subfield>
    <subfield code="b">Ancora tra un ramo di olivo e un ramo di palma germoglianti da un tronco, e congiunti dalle iniziali S.O.S.</subfield>
    <subfield code="e">In tenebris fulget</subfield>
    <subfield code="c">Z65</subfield>
    <subfield code="d">Dimensioni: 9 x 9,5</subfield>
    <subfield code="f">ANCORA</subfield>
    <subfield code="f">INTENEBRIS</subfield>
    <subfield code="f">RAMI</subfield>
    <subfield code="f">SOS</subfield>
    <subfield code="f">TRONCO</subfield>
    <subfield code="g">1539-1551</subfield>
  </datafield>
</record>
</collection>
